<record><leader>00000cas a22000007a 4500</leader><controlfield tag="001">21426822</controlfield><controlfield tag="008">900425d192019uumduwr ne      0    0eng d</controlfield><datafield ind1=" " ind2=" " tag="010"><subfield code="a">sn 90057114 </subfield></datafield><datafield ind1=" " ind2=" " tag="040"><subfield code="a">MFN</subfield><subfield code="b">eng</subfield><subfield code="c">MFN</subfield><subfield code="d">OCLCQ</subfield></datafield><datafield ind1=" " ind2=" " tag="042"><subfield code="a">msc</subfield></datafield><datafield ind1="0" ind2="4" tag="245"><subfield code="a">The Takoma record.</subfield></datafield><datafield ind1=" " ind2=" " tag="260"><subfield code="a">Takoma Park, Md. :</subfield><subfield code="b">Lloyd B. Gosorn</subfield></datafield><datafield ind1=" " ind2=" " tag="300"><subfield code="a">v.</subfield></datafield><datafield ind1=" " ind2=" " tag="310"><subfield code="a">Weekly</subfield></datafield><datafield ind1="0" ind2=" " tag="362"><subfield code="a">Vol. 1, no. 21 (Sept. 2, 1920)-</subfield></datafield><datafield ind1=" " ind2=" " tag="752"><subfield code="a">United States</subfield><subfield code="b">Maryland</subfield><subfield code="c">Prince George's</subfield><subfield code="d">Takoma Park.</subfield></datafield><datafield ind1=" " ind2=" " tag="752"><subfield code="a">United States</subfield><subfield code="b">Maryland</subfield><subfield code="c">Montgomery</subfield><subfield code="d">Takoma Park.</subfield></datafield><datafield ind1="0" ind2="0" tag="780"><subfield code="t">Weekly record (Takoma Park, Md.)</subfield><subfield code="w">(DLC)sn 90057115</subfield></datafield></record>